% This file was created with JabRef 2.9b2.
% Encoding: UTF-8

@CONFERENCE{Amdahl1967,
  author = {Amdahl, G},
  title = {Validity of the single processor approach to achieving large-scale
	computing capabilities},
  booktitle = {AFIPS Conference Proceedings},
  year = {1967},
  volume = {30},
  pages = {483 -- 485}
}

@BOOK{Atkinson2007,
  title = {Optimum experimental designs, with SAS},
  publisher = {Oxford University Press Oxford},
  year = {2007},
  author = {Atkinson, Anthony Curtis and Donev, Alexander N and Tobias, Randall
	Davis}
}

@ARTICLE{Beale2010,
  author = {Beale, Colin M and Lennon, Jack J and Yearsley, Jon M and Brewer,
	Mark J and Elston, David A},
  title = {Regression analysis of spatial data},
  journal = {Ecology Letters},
  year = {2010},
  volume = {13},
  pages = {246--264},
  number = {2},
  publisher = {Wiley Online Library}
}

@ARTICLE{Bohrer2009,
  author = {Bohrer, Gil and Katul, Gabriel G and Walko, Robert L and Avissar,
	Roni},
  title = {Exploring the effects of microscale structural heterogeneity of forest
	canopies using large-eddy simulations},
  journal = {Boundary-Layer Meteorology},
  year = {2009},
  volume = {132},
  pages = {351--382},
  number = {3},
  publisher = {Springer}
}

@BOOK{Bolker2008,
  title = {Ecological Models and Data in R},
  publisher = {Princeton University Press, Princeton, NJ},
  year = {2008},
  author = {Bolker, B M}
}

@ARTICLE{Bolker2009,
  author = {Bolker, Benjamin M and Brooks, Mollie E and Clark, Connie J and Geange,
	Shane W and Poulsen, John R and Stevens, M Henry H and White, Jada-Simone
	S},
  title = {Generalized linear mixed models: a practical guide for ecology and
	evolution},
  journal = {Trends in Ecology and Evolution},
  year = {2009},
  volume = {24},
  pages = {127--135},
  number = {3},
  publisher = {Elsevier}
}

@ARTICLE{Brook2000,
  author = {Brook, Barry W and O'Grady, Julian J and Chapman, Andrew P and Burgman,
	Mark A and Ak{\c{c}}akaya, H Resit and Frankham, Richard},
  title = {Predictive accuracy of population viability analysis in conservation
	biology},
  journal = {Nature},
  year = {2000},
  volume = {404},
  pages = {385--387},
  number = {6776},
  publisher = {Nature Publishing Group}
}

@BOOK{Bryant2010,
  title = {Computer Systems: A Programmer's Perspective},
  publisher = {Carnegie Mellon University},
  year = { 2010},
  author = {Bryant, R E and O'Hallaron, D R},
  pages = {1080}
}

@ARTICLE{Buckner2013,
  author = {Buckner, Josh and Seligman, Mark and Buckner, Maintainer Josh},
  title = {Package ``gputools''},
  year = {2013}
}

@BOOK{Chambers2009,
  title = {Software for Data Analysis: Programming with R},
  publisher = {Springer},
  year = {2009},
  author = {Chambers, John M}
}

@BOOK{Clark2007,
  title = {Models for Ecological Data: An Introduction},
  publisher = {Princeton University Press},
  year = {2007},
  author = {Clark, J. S.},
  owner = {marco},
  quality = {1},
  timestamp = {2013.08.20}
}

@ARTICLE{Clark2010,
  author = {Clark, James S and Bell, David and Chu, Chengjin and Courbaud, Benoit
	and Dietze, Michael and Hersh, Michelle and HilleRisLambers, Janneke
	and Ib{\'a}{\~n}ez, In{\'e}s and LaDeau, Shannon and McMahon, Sean
	and others},
  title = {High-dimensional coexistence based on individual variation: a synthesis
	of evidence},
  journal = {Ecological Monographs},
  year = {2010},
  volume = {80},
  pages = {569--608},
  number = {4},
  publisher = {Eco Soc America}
}

@ARTICLE{Colchero2012,
  author = {Colchero, Fernando and Jones, Owen R and Rebke, Maren},
  title = {BaSTA: an R package for Bayesian estimation of age-specific survival
	from incomplete mark--recapture/recovery data with covariates},
  journal = {Methods in Ecology and Evolution},
  year = {2012},
  volume = {3},
  pages = {466--470},
  number = {3},
  publisher = {Wiley Online Library}
}

@ARTICLE{Comita2010,
  author = {Comita, Liza S and Muller-Landau, Helene C and Aguilar, Salom{\'o}n
	and Hubbell, Stephen P},
  title = {Asymmetric density dependence shapes species abundances in a tropical
	tree community},
  journal = {Science},
  year = {2010},
  volume = {329},
  pages = {330--332},
  number = {5989},
  publisher = {American Association for the Advancement of Science}
}

@BOOK{Crawley2012,
  title = {The R book},
  publisher = {John Wiley \& Sons},
  year = {2012},
  author = {Crawley, Michael J}
}

@ARTICLE{Cressie2009,
  author = {Cressie, Noel and Calder, Catherine A and Clark, James S and Hoef,
	Jay M Ver and Wikle, Christopher K},
  title = {Accounting for uncertainty in ecological analysis: the strengths
	and limitations of hierarchical statistical modeling},
  journal = {Ecological Applications},
  year = {2009},
  volume = {19},
  pages = {553--570},
  number = {3},
  publisher = {Eco Soc America}
}

@MANUAL{Dowle2013,
  title = {data.table: Extension of data.frame for fast indexing, fast ordered
	joins, fast assignment, fast grouping and list columns.},
  author = {M Dowle and T Short and S Lianoglou},
  year = {2013},
  note = {R package version 1.8.8},
  url = {http://CRAN.R-project.org/package=data.table}
}

@ARTICLE{Eddelbuettel2011,
  author = {Eddelbuettel, Dirk and Fran{\c{c}}ois, Romain},
  title = {Rcpp: Seamless R and C++ integration},
  journal = {Journal of Statistical Software},
  year = {2011},
  volume = {40},
  pages = {1--18},
  number = {8}
}

@ARTICLE{Eddelbuettel2013,
  author = {Dirk Eddelbuettel and Conrad Sanderson},
  title = {RcppArmadillo: Accelerating R with high-performance C++ linear algebra},
  journal = {ComputationalStatistics and Data Analysis},
  year = {2013},
  volume = {in press},
  url = {http://dx.doi.org/10.1016/j.csda.2013.02.005}
}

@BOOK{Efron1994,
  title = {An Introduction to the Bootstrap (Chapman \& Hall/CRC Monographs
	on Statistics \& Applied Probability)},
  publisher = {Chapman and Hall/CRC},
  year = {1994},
  author = {Efron, Bradley and Tibshirani, Robert J}
}

@ARTICLE{Ellison2010,
  author = {Ellison, Aaron M and Dennis, Brian},
  title = {Paths to statistical fluency for ecologists},
  journal = {Frontiers in Ecology and the Environment},
  year = {2010},
  volume = {8},
  pages = {362--370},
  number = {7},
  publisher = {Eco Soc America}
}

@BOOK{Gause1934,
  title = {The Struggle for Existence},
  publisher = {Baltimore, MD: Williams \& Wilkins.},
  year = {1934},
  author = {Gause, G F},
  owner = {marco},
  timestamp = {2013.03.26}
}

@BOOK{Grama2003,
  title = {Introduction to Parallel Computing},
  publisher = {Pearson Education},
  year = {2003},
  author = {Grama, Anath}
}

@ARTICLE{Guisan2006,
  author = {Guisan, Antoine and Lehmann, Anthony and Ferrier, Simon and Austin,
	Mike and Overton, JACOB and Aspinall, Richard and Hastie, Trevor
	and others},
  title = {Making better biogeographical predictions of species' distributions},
  journal = {Journal of Applied Ecology},
  year = {2006},
  volume = {43},
  pages = {386--392},
  number = {3},
  publisher = {Wiley Online Library}
}

@BOOK{Hager2010,
  title = {Introduction to High Performance Computing for Scientists and Engineers},
  publisher = {CRC Press},
  year = {2010},
  author = {Hager, Georg and Wellein, Gerhard}
}

@INPROCEEDINGS{Hannay2009,
  author = {Hannay, Jo Erskine and MacLeod, Carolyn and Singer, Janice and Langtangen,
	Hans Petter and Pfahl, Dietmar and Wilson, Greg},
  title = {How do scientists develop and use scientific software?},
  booktitle = {Proceedings of the 2009 ICSE Workshop on Software Engineering for
	Computational Science and Engineering},
  year = {2009},
  pages = {1--8},
  organization = {IEEE Computer Society}
}

@ARTICLE{Hennekens2001,
  author = {Hennekens, S M and Schamin\'{e}e, J H J},
  title = {{TURBOVEG, a comprehensive data base management system for vegetation
	data}},
  journal = {Journal of Vegetation Science},
  year = {2001},
  volume = {12},
  pages = {589--591},
  keywords = {computer program,european vegetation sur-,natura 2000,phytosociology,relev\'{e},vey}
}

@ARTICLE{Hirsch2012,
  author = {Hirsch, Ben T and Visser, Marco D and Kays, Roland and Jansen, Patrick
	A},
  title = {Quantifying seed dispersal kernels from truncated seed-tracking data},
  journal = {Methods in Ecology and Evolution},
  year = {2012},
  volume = {3},
  pages = {595--602},
  number = {3},
  publisher = {Wiley Online Library}
}

@ARTICLE{Isbell2011,
  author = {Isbell, Forest and Calcagno, Vincent and Hector, Andy and Connolly,
	John and Harpole, W Stanley and Reich, Peter B and Scherer-Lorenzen,
	Michael and Schmid, Bernhard and Tilman, David and van Ruijven, Jasper
	and others},
  title = {High plant diversity is needed to maintain ecosystem services},
  journal = {Nature},
  year = {2011},
  volume = {477},
  pages = {199--202},
  number = {7363},
  publisher = {Nature Publishing Group}
}

@ARTICLE{Joe2008,
  author = {Joe, Harry},
  title = {Accuracy of Laplace approximation for discrete response mixed models},
  journal = {Computational Statistics \& Data Analysis},
  year = {2008},
  volume = {52},
  pages = {5066--5074},
  number = {12},
  publisher = {Elsevier}
}

@ARTICLE{Jones2006,
  author = {Jones, M. B. and Schildhauer, M. P. and Reichman, O. J. and Bowers,
	S.},
  title = {The New Bioinformatics: Integrating Ecological Data From The Gene
	to The Biosphere},
  journal = {Annual Review of Ecology, Evolution, and Systematics},
  year = {2006},
  volume = {37},
  pages = {519-544},
  doi = {10.1146/annurev.ecolsys.37.091305.110031},
  owner = {marco},
  quality = {1},
  timestamp = {2013.08.21}
}

@ARTICLE{Kelling2009,
  author = {Kelling, Steve and Hochachka, Wesley M and Fink, Daniel and Riedewald,
	Mirek and Caruana, Rich and Ballard, Grant and Hooker, Giles},
  title = {Data-intensive science: a new paradigm for biodiversity studies},
  journal = {BioScience},
  year = {2009},
  volume = {59},
  pages = {613--620},
  number = {7},
  publisher = {JSTOR}
}

@BOOK{Kernighan1978,
  title = {The Elements of Programming Style },
  publisher = {McGraw Hill, New York},
  year = {1978},
  author = {Kernighan, B W and Plauger, P J},
  edition = {2nd },
  isbn = {ISBN 0-07-034207-5}
}

@ARTICLE{Knaus2009,
  author = {Knaus, Jochen and Porzelius, Christine and Binder, Harald and Schwarzer,
	Guido},
  title = {Easier parallel computing in R with snowfall and sfCluster},
  journal = {The R Journal},
  year = {2009},
  volume = {1},
  pages = {54--59},
  number = {1}
}

@BOOK{LEcuyer2012,
  title = {Random number generation},
  publisher = {Springer},
  year = {2012},
  author = {L'Ecuyer, P.},
  owner = {marco},
  quality = {1},
  timestamp = {2013.08.19}
}

@ARTICLE{LEcuyer1999,
  author = {L'Ecuyer, P.},
  title = {Good parameters and implementations for combined multiple recursive
	random number generators},
  journal = {Operations Research},
  year = {1999},
  volume = {47},
  pages = {159-164},
  owner = {marco},
  quality = {1},
  timestamp = {2013.08.19}
}

@ARTICLE{Ligges2006,
  author = {Ligges, Uwe},
  title = {R Help Desk: Accessing the Sources},
  journal = {R News},
  year = {2006},
  volume = {6},
  pages = {43--45},
  number = {4}
}

@ARTICLE{Ligges2008,
  author = {Ligges, U and Fox, J},
  title = {R help desk: How can I avoid this loop or make it faster?},
  journal = { R News},
  year = {2008},
  volume = {8},
  pages = {46 -- 50}
}

@BOOK{Lotka1925,
  title = {Elements of Physical Biology},
  publisher = {Baltimore, MD: Williams \& Wilkins.},
  year = {1925},
  author = {Lotka, A J},
  journal = {Baltimore, MD: Williams and Wilkins.},
  owner = {marco},
  timestamp = {2013.03.26}
}

@ARTICLE{Luo2011,
  author = {Luo, Yiqi and Ogle, Kiona and Tucker, Colin and Fei, Shenfeng and
	Gao, Chao and LaDeau, Shannon and Clark, James S and Schimel, David
	S},
  title = {Ecological forecasting and data assimilation in a data-rich era},
  journal = {Ecological Applications},
  year = {2011},
  volume = {21},
  pages = {1429--1442},
  number = {5},
  publisher = {Eco Soc America}
}

@ARTICLE{Mantoglou1982,
  author = {Mantoglou, Aristotelis and Wilson, John L},
  title = {The turning bands method for simulation of random fields using line
	generation by a spectral method},
  journal = {Water Resources Research},
  year = {1982},
  volume = {18},
  pages = {1379--1394},
  number = {5},
  publisher = {Wiley Online Library}
}

@ARTICLE{Merali2010,
  author = {Merali, Zeeya},
  title = {Computational science: Error, why scientific programming does not
	compute},
  journal = {Nature},
  year = {2010},
  volume = {467},
  pages = {775--777},
  number = {7317},
  publisher = {Nature Publishing Group}
}

@ARTICLE{Merow2011,
  author = {Cory Merow and Nancy LaFleur and John A. Silander and A.M. Wilson
	and M. Rubega},
  title = {Developing dynamic mechanistic species distribution models: predicting
	bird-mediated spread of invasive plants across Northeastern North
	America},
  journal = {American Naturalist},
  year = {2011},
  volume = {178},
  pages = {30--43},
  number = {1},
  publisher = {University of Chicago Press}
}

@ARTICLE{Metcalf2013,
  author = {Metcalf, C Jessica E and McMahon, Sean M and Salguero-G{\'o}mez,
	Roberto and Jongejans, Eelke},
  title = {IPMpack: an R package for integral projection models},
  journal = {Methods in Ecology and Evolution},
  year = {2013},
  volume = {4},
  pages = {195–200},
  publisher = {Wiley Online Library}
}

@ARTICLE{Michener2012,
  author = {Michener, William K and Jones, Matthew B},
  title = {Ecoinformatics: supporting ecology as a data-intensive science},
  journal = {Trends in Ecology and Evolution},
  year = {2012},
  volume = {27},
  pages = {85--93},
  number = {2},
  publisher = {Elsevier}
}

@ARTICLE{Moran2011,
  author = {Moran, Emily V and Clark, James S},
  title = {Estimating seed and pollen movement in a monoecious plant: a hierarchical
	Bayesian approach integrating genetic and ecological data},
  journal = {Molecular Ecology},
  year = {2011},
  volume = {20},
  pages = {1248--1262},
  number = {6},
  publisher = {Wiley Online Library}
}

@ARTICLE{Nathan2011,
  author = {Nathan, Ran and Katul, Gabriel G and Bohrer, Gil and Kuparinen, Anna
	and Soons, Merel B and Thompson, Sally E and Trakhtenbrot, Ana and
	Horn, Henry S},
  title = {Mechanistic models of seed dispersal by wind},
  journal = {Theoretical Ecology},
  year = {2011},
  volume = {4},
  pages = {113--132},
  number = {2},
  publisher = {Springer}
}

@ARTICLE{Nvidia2007,
  author = {Nvidia},
  title = {Compute unified device architecture programming guide},
  year = {2007}
}

@INBOOK{Pareto2001,
  title = {On the Distribution of Wealth and Income},
  publisher = {Houndmills, Palgrav},
  year = {2001},
  editor = {Baldassarri, M;Ciocca, P},
  author = {Pareto, V},
  volume = {2},
  booktitle = {Roots of the Italian School of Economics and Finance: from Ferrara
	(1857) to Einaudi (1944).}
}

@ARTICLE{Petrovskii2012,
  author = {Petrovskii, S and Petrovskaya, N},
  title = {Computational ecology as an emerging science},
  journal = {Interface Focus},
  year = {2012},
  volume = {2},
  pages = {241-254},
  owner = {marco},
  timestamp = {2013.03.26}
}

@ARTICLE{Pfister2003,
  author = {Pfister, Catherine A and Stevens, Forrest R},
  title = {Individual variation and environmental stochasticity: implications
	for matrix model predictions},
  journal = {Ecology},
  year = {2003},
  volume = {84},
  pages = {496--510},
  number = {2},
  publisher = {Eco Soc America}
}

@BOOK{Pinheiro2000,
  title = {Linear mixed-effects models: basic concepts and examples},
  publisher = {Springer},
  year = {2000},
  author = {Pinheiro, Jos{\'e} C and Bates, Douglas M}
}

@ARTICLE{pfister2003individual,
  author = {Porter, A A and Selby, R W},
  title = {Evaluating techniques for generating metric-based classification
	trees
	
	},
  journal = {Journal of Systems Software},
  year = {1990},
  volume = {12},
  pages = {209-218}
}

@ARTICLE{Putten2012,
  author = {van Putten, Bram and Visser, Marco D and Muller-Landau, Helene C
	and Jansen, Patrick A},
  title = {Distorted-distance models for directional dispersal: a general framework
	with application to a wind-dispersed tree},
  journal = {Methods in Ecology and Evolution},
  year = {2012},
  volume = {3},
  pages = {642--652},
  number = {4},
  publisher = {Wiley Online Library}
}

@MANUAL{R2013,
  title = {R: A Language and Environment for Statistical Computing},
  author = {{R Core Team}},
  organization = {R Foundation for Statistical Computing},
  address = {Vienna, Austria},
  year = {2013},
  note = {{ISBN} 3-900051-07-0},
  url = {http://www.R-project.org/}
}

@ARTICLE{Reichman2011,
  author = {Reichman, OJ and Jones, Matthew B and Schildhauer, Mark P},
  title = {Challenges and opportunities of open data in ecology},
  journal = {Science(Washington)},
  year = {2011},
  volume = {331},
  pages = {703--705},
  number = {6018},
  publisher = {American Association for the Advancement of Science, 1200 New York
	Avenue, NW Washington DC 20005 USA}
}

@ARTICLE{Rocchini2012,
  author = {Rocchini, Duccio and Neteler, Markus},
  title = {Let the four freedoms paradigm apply to ecology},
  journal = {Trends in Ecology and Evolution},
  year = {2012},
  volume = {27},
  pages = {310--311},
  number = {6},
  publisher = {Elsevier Current Trends}
}

@ARTICLE{Ropelewski2010,
  author = {Ropelewski, Alexander J and Nicholas Jr, Hugh B and Mendez, Ricardo
	R Gonzalez},
  title = {MPI-PHYLIP: Parallelizing computationally intensive phylogenetic
	analysis routines for the analysis of large protein families},
  journal = {PLoS ONE},
  year = {2010},
  volume = {5},
  pages = {e13999},
  number = {11},
  publisher = {Public Library of Science}
}

@ARTICLE{Schmidberger2009,
  author = {Schmidberger, Markus and Morgan, Martin and Eddelbuettel, Dirk and
	Yu, Hao and Tierney, Luke and Mansmann, Ulrich},
  title = {State-of-the-art in Parallel Computing with R},
  journal = {Journal of Statistical Software},
  year = {2009},
  volume = {47},
  number = {1}
}

@ARTICLE{Skellam1951,
  author = {Skellam, JG},
  title = {Random dispersal in theoretical populations},
  journal = {Biometrika},
  year = {1951},
  volume = {38},
  pages = {196--218},
  number = {1/2},
  publisher = {JSTOR}
}

@ARTICLE{Spiegelhalter2002,
  author = {Spiegelhalter, David J and Best, Nicola G and Carlin, Bradley P and
	Van Der Linde, Angelika},
  title = {Bayesian measures of model complexity and fit},
  journal = {Journal of the Royal Statistical Society: Series B (Statistical Methodology)},
  year = {2002},
  volume = {64},
  pages = {583--639},
  number = {4},
  publisher = {Wiley Online Library}
}

@ARTICLE{Tierney2013,
  author = {Tierney, Luke and Rossini, AJ and Li, Na and Sevcikova, H},
  title = {Snow: simple network of workstations},
  journal = {R package version 0.3-12, URL http://CRAN. R-project. org/package=
	snow},
  year = {2013}
}

@ARTICLE{Urbanek2011,
  author = {Urbanek, Simon},
  title = {multicore: Parallel processing of R code on machines with multiple
	cores or CPUs},
  journal = {R package version 0.1-3, URL http://www. rforge. net/multicore},
  year = {2011}
}

@ARTICLE{Visser2011,
  author = {Visser, M D and Jongejans, E and van Breugel, M and Zuidema, P A
	and Chen, Y Y and Kassim, A R and de Kroon, H},
  title = {Strict mast fruiting for a tropical dipterocarp tree: a demographic
	cost-benefit analysis of delayed reproduction and seed predation},
  journal = {Journal of Ecology},
  year = {2011},
  volume = {99},
  pages = {1033--1044}
}

@ARTICLE{VisserInprep.,
  author = {Visser, Marco D. 
	
	McMahon, Sean M.
	
	Merow, Cory
	
	Dixon, Philip
	
	Record, Sydne
	
	Jongejans, Eelke},
  title = {Speeding up ecological and evolutionary computations in R; essentials
	of high performance computing for biologists.},
  year = {In prep.},
  owner = {marco},
  quality = {1},
  timestamp = {2013.10.24}
}

@ARTICLE{Volterra1926,
  author = {Volterra, V},
  title = {Variazioni e fluttuazioni del numero d'individui in specie animali
	conviventi},
  journal = {Mem. R. Accad. Naz. dei Lincei},
  year = {1926},
  volume = {2},
  pages = {31 -- 113},
  owner = {marco},
  timestamp = {2013.03.26}
}

@ARTICLE{Volterra1926b,
  author = {Volterra, V},
  title = {Fluctuations in the abundance of a species considered mathematically},
  journal = {Nature},
  year = {1926},
  volume = {118},
  pages = {558 -- 560}
}

@ARTICLE{Weston2013,
  author = {Weston, Steve and Computing, Revolution},
  title = {foreach: Foreach looping construct for R},
  journal = {R package version},
  year = {2013},
  volume = {1},
  number = {2}
}

@ARTICLE{Wilson2012,
  author = {Wilson, Greg and Aruliah, DA and Brown, C Titus and Hong, Neil P
	Chue and Davis, Matt and Guy, Richard T and Haddock, Steven HD and
	Huff, Katy and Mitchell, Ian M and Plumbley, Mark D and others},
  title = {Best practices for scientific computing},
  journal = {arXiv preprint arXiv:1210.0530},
  year = {2012}
}

@BOOK{Wilson1995,
  title = {Practical Parallel Programming},
  publisher = {MIT Press},
  year = {1995},
  author = {Wilson, Gregory V},
  volume = {15}
}

@ARTICLE{Zuidema2010,
  author = {Zuidema, P A and Jongejans, E and Chien, P D and During, H J and
	Schieving, F},
  title = {{Integral Projection Models for trees: a new parameterization method
	and a validation of model output}},
  journal = {Journal of Ecology},
  year = {2010},
  volume = {98},
  pages = {345--355},
  doi = {10.1111/j.1365-2745.2009.01626.x}
}

@BOOK{Zuur2009,
  title = {Mixed Effects Models and Extensions in Ecology with R},
  publisher = {Springer},
  year = {2009},
  author = {Zuur, Alain F}
}

